@article{shane,
  title   = "S$\pi$RIT: A time-projection chamber for symmetry-energy studies",
  journal = "NIM A ",
  volume  = "784",
  number  = "",
  pages   = "513--517",
  year    = "2015",
  doi     = "10.1016/j.nima.2015.01.026",
  author  = "R. Shane et. al."
}

@article{get,
  title   = "GET: A generic and comprehensive electronics system for nuclear physics experiments",
  journal = "Physics Procedia ",
  volume  = "37",
  number  = "",
  pages   = "1799--1804",
  year    = "2012",
  doi     = "10.1016/j.phpro.2012.02.506",
  author  = "E. Pollacco et. al."
}

@book{blumrol,
    author    = "Walter Blum and Werner Riegler and Luigi Rolandi",
    title     = "Particle Detection with Drift Chambers",
    year      = "2008",
    publisher = "Springer",
    address   = "Berlin, Heidelberg"
}
